@article{DBLP:journals/corr/QiuY16,
  author    = {Weichao Qiu and
               Alan L. Yuille},
  title     = {UnrealCV: Connecting Computer Vision to Unreal Engine},
  journal   = {CoRR},
  volume    = {abs/1609.01326},
  year      = {2016},
  url       = {http://arxiv.org/abs/1609.01326},
  timestamp = {Wed, 07 Jun 2017 14:41:43 +0200},
  biburl    = {http://dblp.uni-trier.de/rec/bib/journals/corr/QiuY16},
  bibsource = {dblp computer science bibliography, http://dblp.org}
}


@article{DBLP:journals/corr/ZhuMKLGFF16,
  author    = {Yuke Zhu and
               Roozbeh Mottaghi and
               Eric Kolve and
               Joseph J. Lim and
               Abhinav Gupta and
               Li Fei{-}Fei and
               Ali Farhadi},
  title     = {Target-driven Visual Navigation in Indoor Scenes using Deep Reinforcement
               Learning},
  journal   = {CoRR},
  volume    = {abs/1609.05143},
  year      = {2016},
  url       = {http://arxiv.org/abs/1609.05143},
  timestamp = {Wed, 07 Jun 2017 14:43:07 +0200},
  biburl    = {http://dblp.uni-trier.de/rec/bib/journals/corr/ZhuMKLGFF16},
  bibsource = {dblp computer science bibliography, http://dblp.org}
}

@article{DBLP:journals/corr/LererGF16,
  author    = {Adam Lerer and
               Sam Gross and
               Rob Fergus},
  title     = {Learning Physical Intuition of Block Towers by Example},
  journal   = {CoRR},
  volume    = {abs/1603.01312},
  year      = {2016},
  url       = {http://arxiv.org/abs/1603.01312},
  timestamp = {Wed, 07 Jun 2017 14:40:35 +0200},
  biburl    = {http://dblp.uni-trier.de/rec/bib/journals/corr/LererGF16},
  bibsource = {dblp computer science bibliography, http://dblp.org}
}

@inproceedings{renNIPS15fasterrcnn,
    Author = {Shaoqing Ren and Kaiming He and Ross Girshick and Jian Sun},
    Title = {Faster {R-CNN}: Towards Real-Time Object Detection
             with Region Proposal Networks},
    Booktitle = {Advances in Neural Information Processing Systems ({NIPS})},
    Year = {2015}
}